@misc{jvm_specification,
  author       = {Tim Lindholm, Frank Yellin, Gilad Bracha and Alex Buckley},
  title        = {{The Java Virtual Machine Specification}},
  howpublished = {\url{https://docs.oracle.com/javase/specs/jvms/se7/html/index.html}},
  year         = {2013},
  month        = 02,
  note         = {[Elérés dátuma: 2023. 05. 28.]}
}

@misc{jvm_specification_classFile,
  author       = {Tim Lindholm, Frank Yellin, Gilad Bracha and Alex Buckley},
  title        = {{The Java Virtual Machine Specification}},
  howpublished = {\url{https://docs.oracle.com/javase/specs/jvms/se7/html/jvms-4.html\#jvms-4.1}},
  year         = {2013},
  month        = 02,
  note         = {[Elérés dátuma: 2023. 05. 28.]}
}

@misc{jvm_specification_type_encode,
  author       = {Tim Lindholm, Frank Yellin, Gilad Bracha and Alex Buckley},
  title        = {{The Java Virtual Machine Specification}},
  howpublished = {\url{https://docs.oracle.com/javase/specs/jvms/se7/html/jvms-4.html\#jvms-4.3.2}},
  year         = {2013},
  month        = 02,
  note         = {[Elérés dátuma: 2023. 05. 28.]}
}

@misc{jvm_specification_code_attribute,
  author       = {Tim Lindholm, Frank Yellin, Gilad Bracha and Alex Buckley},
  title        = {{The Java Virtual Machine Specification}},
  howpublished = {\url{https://docs.oracle.com/javase/specs/jvms/se7/html/jvms-4.html\#jvms-4.7.3}},
  year         = {2013},
  month        = 02,
  note         = {[Elérés dátuma: 2023. 05. 28.]}
}

@misc{jvm_specification_long_double_poor_choice,
  author       = {Tim Lindholm, Frank Yellin, Gilad Bracha and Alex Buckley},
  title        = {{The Java Virtual Machine Specification}},
  howpublished = {\url{https://docs.oracle.com/javase/specs/jvms/se7/html/jvms-4.html\#jvms-4.4.5}},
  year         = {2013},
  month        = 02,
  note         = {[Elérés dátuma: 2023. 05. 28.]}
}